<record><leader>00000cas a22000007a 4500</leader><controlfield tag="001">20440224</controlfield><controlfield tag="008">891004d19261927mduwr ne      0    0eng d</controlfield><datafield ind1=" " ind2=" " tag="010"><subfield code="a">sn 89060162 </subfield></datafield><datafield ind1=" " ind2=" " tag="040"><subfield code="a">MFN</subfield><subfield code="b">eng</subfield><subfield code="c">MFN</subfield><subfield code="d">OCLCQ</subfield></datafield><datafield ind1=" " ind2=" " tag="042"><subfield code="a">msc</subfield></datafield><datafield ind1="0" ind2=" " tag="130"><subfield code="a">Independent (Denton, Md.)</subfield></datafield><datafield ind1="1" ind2="4" tag="245"><subfield code="a">The independent.</subfield></datafield><datafield ind1=" " ind2=" " tag="260"><subfield code="a">Denton, Md. :</subfield><subfield code="b">Rue Pub. Co.</subfield></datafield><datafield ind1=" " ind2=" " tag="300"><subfield code="a">v.</subfield></datafield><datafield ind1=" " ind2=" " tag="310"><subfield code="a">Weekly</subfield></datafield><datafield ind1="0" ind2=" " tag="362"><subfield code="a">Vol. 66, no. 44 (May 13, 1926)-v. 68, no. 48 (June 9, 1927).</subfield></datafield><datafield ind1=" " ind2=" " tag="752"><subfield code="a">United States</subfield><subfield code="b">Maryland</subfield><subfield code="c">Caroline</subfield><subfield code="d">Denton.</subfield></datafield><datafield ind1="0" ind2="0" tag="780"><subfield code="t">American union (Denton, Md.)</subfield><subfield code="w">(DLC)sn 85025235</subfield></datafield><datafield ind1="0" ind2="0" tag="785"><subfield code="t">Caroline independent</subfield><subfield code="w">(DLC)sn 89060161</subfield></datafield></record>